@misc{teu,
  title        = {東京工科大学ホームページ},
  howpublished = {\url{http://www.teu.ac.jp/}}
}

@book{okumura,
  title     = {［改訂第4版］LaTeX2e美文書作成入門},
  author    = {奥村晴彦},
  publisher = {技術評論社},
  year      = {2006}
}

@book{opu,
  author    = {William Epstein and Sheena Rogers},
  editor    = {},
  publisher = {},
  title     = {Perception of Space and Motion A volume in Handbook of Perception and Cognition},
  year      = {1995}
}

@misc{moto,
  title        = {株式会社日立ビルシステム},
  howpublished = {\url{https://www.hbs.co.jp/products/escalator_walkway/new/autoline/feature.html}},
  year         = {2024/1/17}
}

@misc{AR,
  title        = {AR（拡張現実）とは？技術やVR、MRとの違いを解説},
  howpublished = {\url{https://www.nec-solutioninnovators.co.jp/sp/contents/column/20221007_ar.html}},
  year         = {2024/1/17}
}

@misc{VR,
  title        = {VRの基礎知識},
  howpublished = {\url{https://www.elecom.co.jp/pickup/column/vr_column/00001/}},
  year         = {2024/1/17}
}


@misc{hyosiki,
  title        = {国土交通省},
  howpublished = {\url{https://www.mlit.go.jp/road/sign/sign/douro/ichiran.pdf}},
  year         = {2024/1/17}
}

@misc{DJ,
  title        = {「DJポリス」も出動　ハロウィーン待てない，仮装楽しむ渋谷の夜},
  howpublished = {\url{ https://www.asahi.com/articles/ASQBY6RZZQBYOXIE00V.html}},
  year         = {2024/1/17}
}

@misc{holo,
  title        = {Hololens2},
  howpublished = {\url{ https://www.microsoft.com/ja-jp/hololens/hardware}},
  year         = {2024/1/17}
}
@misc{siba,
  title        = {人工芝 システムターフR},
  howpublished = {\url{https://www.monotaro.com/p/1846/8258/}},
  year         = {2024/1/17}
}
@misc{ipon,
  title        = {iPhone11pro},
  howpublished = {\url{https://kakaku.com/keitai/smartphone/model/M0000000698/}},
  year         = {2024/1/17}
}

@misc{color,
  title        = {色相環 - しきそうかん},
  howpublished = {\url{http://zokeifile.musabi.ac.jp/%E8%89%B2%E7%9B%B8%E7%92%B0/}},
  year         = {2024/1/17}
}

@misc{tuka,
  title        = {通過センサー2【キット】},
  howpublished = {\url{https://prod.kyohritsu.com/SY-852.html}},
  year         = {2024/1/17}
}
@misc{unity,
  title        = {Unity},
  howpublished = {\url{https://unity.com/ja}},
  year         = {2024/2/8}
}

@misc{ocu,
  title        = {Meta},
  howpublished = {\url{https://www.meta.com/jp/quest/quest-3/?utm_source=gg&utm_medium=ps&utm_campaign=20554172849&utm_term=oculus%203&utm_content=688616680999&utm_funnel=dcap&gclid=EAIaIQobChMIr-LW67qbhAMVLQx7Bx31Tw6gEAAYASAAEgKa3fD_BwE&gclsrc=aw.ds}},
  year         = {2024/2/8}
}

@article{syomei,
  author    = {照明学会},
  publisher = {電気書院},
  number    = {},
  title     = {屋内照明のガイド},
  volume    = {},
  year      = {1978}
}

@article{SSQ,
  author  = {氏家弘裕},
  journal = {映像情報メディア学会誌},
  number  = {8},
  title   = {知っておきたいキーワード 映像酔い},
  volume  = {61},
  year    = {2007}
}
@article{kondo,
  author  = {近藤翔太 and 萩原息吹 and 中村仁一朗 and 松室美紀 and 柴田史久 and 木村朝子},
  journal = {IEICE-HIP HI VRPSY},
  number  = {},
  title   = {身体運動と視覚刺激が自己運動感覚に及ぶ影響},
  volume  = {89},
  year    = {2022}
}

@article{takahei,
  author  = {高幣俊之 and 野村宜邦 and 前田太郎 and 舘障},
  journal = {日本バーチャルリアリティ学会},
  number  = {},
  title   = {歩行における視覚と運動感覚の整合性に関する研究},
  volume  = {5},
  year    = {2000}
}

@article{kojima,
  author  = {Yuichiro Kojima and Yuki Hashimoto and Shogo Fukushima and Hiroyuki Kajimoto},
  journal = {SIGGRAPH '09: ACM SIGGRAPH 2009 Emerging Technologies},
  number  = {},
  title   = {Pull-navi: a novel tactile navigation interface by pulling the ears},
  volume  = {},
  year    = {2009}
}

@article{Frey,
  author  = {Martin Frey},
  journal = {TEI '07: Proceedings of the 1st international conference on Tangible and embedded interaction},
  number  = {},
  title   = {CabBoots: shoes with integrated guidance system},
  volume  = {},
  year    = {2007}
}

@article{ueda,
  author  = {上田 進太郎},
  journal = {公立はこだて未来大学卒業論文},
  number  = {},
  title   = {プロジェクションマッピングによる視覚的錯覚を用いた歩行速度の考察},
  volume  = {},
  year    = {2015}
}

@article{okano,
  author  = {岡野裕 and 雑賀慶彦 and 橋本悠希 and 野嶋琢也 and 梶本裕之},
  journal = {情報処理学会研究報告 = IPSJ SIG technical reports},
  number  = {11},
  title   = {速度感覚増強のための周辺視野への刺激提示手法の検討},
  volume  = {2008},
  year    = {2008}
}

@article{Anouk,
  author  = {Anouk Lamontagne and Joyce Fung and Bradford J McFadyen and Jocelyn Faubert},
  journal = {Journal of NeuroEngineering and Rehabilitation},
  number  = {},
  title   = {Modulation of walking speed by changing optic flow in persons with stroke},
  volume  = {},
  year    = {2007}
}

@article{tanizaki,
  author  = {谷崎充 and 松本啓吾 and 葛岡英明 and 雨宮智浩 and 廣瀬通孝},
  journal = {日本バーチャルリアリティ学会},
  number  = {},
  title   = {実空間歩行における視覚刺激の速度操作と歩行速度変化の関係性},
  volume  = {},
  year    = {2020}
}

@article{heiso,
  title   = {並走するバーチャルアバタの形態と運動によって生じる歩行速度変調},
  author  = {谷崎 充 and 松本 啓吾 and 鳴海 拓志 and 葛岡 英明 and 雨宮 智浩},
  journal = {日本バーチャルリアリティ学会論文誌},
  volume  = {26},
  number  = {3},
  pages   = {208-218},
  year    = {2021},
  doi     = {10.18974/tvrsj.26.3_208}
}

@article{sakura,
  author  = {櫻木大和 and 磯山直也 and 寺田努 and 塚本昌彦},
  journal = {情報処理学会シンポジウム},
  number  = {},
  title   = {拡張現実感を用いたテクスチャ変更による人物行動制御手法の提案と評価},
  volume  = {},
  year    = {2018}
}

